@article{bonfim2019integrated, title={Integrated NFV/SDN architectures: A systematic literature review}, author={Bonfim, Michel S and Dias, Kelvin L and Fernandes, Stenio FL}, journal={ACM Computing Surveys (CSUR)}, volume={51}, number={6}, pages={1--39}, year={2019}, publisher={ACM New York, NY, USA}
} 

@inproceedings{li2016survey, title={A survey of network function placement}, author={Li, Xin and Qian, Chen}, booktitle={2016 13th IEEE Annual Consumer Communications \& Networking Conference (CCNC)}, pages={948--953}, year={2016}, organization={IEEE}
} 

@inproceedings{cziva2015container, title={Container-based network function virtualization for software-defined networks}, author={Cziva, Richard and Jouet, Simon and White, Kyle JS and Pezaros, Dimitrios P}, booktitle={2015 IEEE symposium on computers and communication (ISCC)}, pages={415--420}, year={2015}, organization={IEEE}
} 

@article{laghrissi2018survey, title={A survey on the placement of virtual resources and virtual network functions}, author={Laghrissi, Abdelquoddouss and Taleb, Tarik}, journal={IEEE Communications Surveys \& Tutorials}, volume={21}, number={2}, pages={1409--1434}, year={2018}, publisher={IEEE}
} 

@article{bhamare2017optimal,
  title={Optimal virtual network function placement in multi-cloud service function chaining architecture},
  author={Bhamare, Deval and Samaka, Mohammed and Erbad, Aiman and Jain, Raj and Gupta, Lav and Chan, H Anthony},
  journal={Computer Communications},
  volume={102},
  pages={1--16},
  year={2017},
  publisher={Elsevier}
}

@article{chua2016stringer,
  title={Stringer: Balancing latency and resource usage in service function chain provisioning},
  author={Chua, Freddy C and Ward, Julie and Zhang, Ying and Sharma, Puneet and Huberman, Bernardo A},
  journal={IEEE Internet Computing},
  volume={20},
  number={6},
  pages={22--31},
  year={2016},
  publisher={IEEE}
}

@article{liu2017dynamic,
  title={On dynamic service function chain deployment and readjustment},
  author={Liu, Junjie and Lu, Wei and Zhou, Fen and Lu, Ping and Zhu, Zuqing},
  journal={IEEE Transactions on Network and Service Management},
  volume={14},
  number={3},
  pages={543--553},
  year={2017},
  publisher={IEEE}
}

@article{hantouti2018traffic,
  title={Traffic steering for service function chaining},
  author={Hantouti, Hajar and Benamar, Nabil and Taleb, Tarik and Laghrissi, Abdelquoddous},
  journal={IEEE Communications Surveys \& Tutorials},
  volume={21},
  number={1},
  pages={487--507},
  year={2018},
  publisher={IEEE}
}

@inproceedings{eichholz2018towards,
  title={Towards safe modular composition of network functions},
  author={Eichholz, Matthias and Salvaneschi, Guido and Mezini, Mira},
  booktitle={Conference Companion of the 2nd International Conference on Art, Science, and Engineering of Programming},
  pages={81--86},
  year={2018}
}

@inproceedings{bremler2016openbox,
  title={OpenBox: a software-defined framework for developing, deploying, and managing network functions},
  author={Bremler-Barr, Anat and Harchol, Yotam and Hay, David},
  booktitle={Proceedings of the 2016 ACM SIGCOMM Conference},
  pages={511--524},
  year={2016}
}

@inproceedings{anwer2015programming,
  title={Programming slick network functions},
  author={Anwer, Bilal and Benson, Theophilus and Feamster, Nick and Levin, Dave},
  booktitle={Proceedings of the 1st acm sigcomm symposium on software defined networking research},
  pages={1--13},
  year={2015}
}


@article{bhamare2016survey,
  title={A survey on service function chaining},
  author={Bhamare, Deval and Jain, Raj and Samaka, Mohammed and Erbad, Aiman},
  journal={Journal of Network and Computer Applications},
  volume={75},
  pages={138--155},
  year={2016},
  publisher={Elsevier}
}

@article{xie2016service,
  title={Service function chaining resource allocation: A survey},
  author={Xie, Yanghao and Liu, Zhixiang and Wang, Sheng and Wang, Yuxiu},
  journal={arXiv preprint arXiv:1608.00095},
  year={2016}
}

@article{li2015software,
  title={Software-defined network function virtualization: A survey},
  author={Li, Yong and Chen, Min},
  journal={IEEE Access},
  volume={3},
  pages={2542--2553},
  year={2015},
  publisher={IEEE}
}



@incollection{halpern2015service,
  title={Service function chaining (sfc) architecture},
  author={Halpern, Joel and Pignataro, Carlos and others},
  booktitle={RFC 7665},
  pages={0--28},
  year={2015},
  publisher={IETF}
}

@article{gasparakis2016evaluating,
  title={Evaluating Dynamic Service Function Chaining for the Gi-LAN},
  author={Gasparakis, J and others},
  journal={White Paper. Intel, Santa Clara, USA},
  year={2016}
}

@inproceedings{castanho2018phantomsfc,
  title={Phantomsfc: A fully virtualized and agnostic service function chaining architecture},
  author={Castanho, Matheus S and Dominicini, Cristina K and Villac{\c{c}}a, Rodolfo S and Martinello, Magnos and Ribeiro, RN Moises},
  booktitle={2018 IEEE Symposium on Computers and Communications (ISCC)},
  pages={354--359},
  year={2018},
  organization={IEEE}
}

@techreport{etsi2013network,
  title={Network Functions Virtualisation ({NFV}): Architectural Framework},
  author={ETSI},
  number={002 V1.1.1},
  year={2013},
  month=oct,
}

@techreport{etsi2018005,
  title={Network Functions Virtualisation ({NFV}); Ecosystem; Report on {SDN} Usage in {NFV} Architectural Framework},
  author={ETSI},
  number={005 v1.1.1},
  year={2018}
}

@article{medhat2016service,
  title={Service function chaining in next generation networks: State of the art and research challenges},
  author={Medhat, Ahmed M and Taleb, Tarik and Elmangoush, Asma and Carella, Giuseppe A and Covaci, Stefan and Magedanz, Thomas},
  journal={IEEE Communications Magazine},
  volume={55},
  number={2},
  pages={216--223},
  year={2016},
  publisher={IEEE}
}

@inproceedings{gronsund2015solution,
  title={A solution for SGi-LAN services virtualization using NFV and SDN},
  author={Gr{\o}nsund, P{\aa}l and Mahmood, Kashif and Millstein, Geir and Noy, Ariel and Solomon, Gadi and Sahai, Ajay},
  booktitle={2015 European Conference on Networks and Communications (EuCNC)},
  pages={408--412},
  year={2015},
  organization={IEEE}
}

@inproceedings{turk2019implementation,
  title={An Implementation of Network Service Chaining for SDN-enabled Mobile Packet Data Networks},
  author={Turk, Yekta and Zeydan, Engin},
  booktitle={2019 International Symposium on Networks, Computers and Communications (ISNCC)},
  pages={1--6},
  year={2019},
  organization={IEEE}
}

@article{zhong2018service,
  title={Service function chain orchestration across multiple clouds},
  author={Zhong, Xuxia and Wang, Ying and Qiu, Xuesong},
  journal={China Communications},
  volume={15},
  number={10},
  pages={99--116},
  year={2018},
  publisher={IEEE}
}

@inproceedings{martins2014clickos,
  title={ClickOS and the art of network function virtualization},
  author={Martins, Joao and Ahmed, Mohamed and Raiciu, Costin and Olteanu, Vladimir and Honda, Michio and Bifulco, Roberto and Huici, Felipe},
  booktitle={11th $\{$USENIX$\}$ Symposium on Networked Systems Design and Implementation ($\{$NSDI$\}$ 14)},
  pages={459--473},
  year={2014}
}

@inproceedings{panda2016netbricks,
  title={NetBricks: Taking the V out of $\{$NFV$\}$},
  author={Panda, Aurojit and Han, Sangjin and Jang, Keon and Walls, Melvin and Ratnasamy, Sylvia and Shenker, Scott},
  booktitle={12th $\{$USENIX$\}$ Symposium on Operating Systems Design and Implementation ($\{$OSDI$\}$ 16)},
  pages={203--216},
  year={2016}
}
@inproceedings{medhat2016resilient,
  title={Resilient orchestration of Service Functions Chains in a NFV environment},
  author={Medhat, Ahmed M and Carella, Giuseppe A and Pauls, Michael and Monachesi, Marcello and Corici, Marius and Magedanz, Thomas},
  booktitle={2016 IEEE Conference on Network Function Virtualization and Software Defined Networks (NFV-SDN)},
  pages={7--12},
  year={2016},
  organization={IEEE}
}

@inproceedings{bujari2019service,
  title={Service function chaining: A lightweight container-based management and orchestration plane},
  author={Bujari, Armir and Palazzi, Claudio E and Polonio, Davide and Zanella, Marco},
  booktitle={2019 16th IEEE Annual Consumer Communications \& Networking Conference (CCNC)},
  pages={1--4},
  year={2019},
  organization={IEEE}
}

@article{mechtri2017nfv,
  title={NFV orchestration framework addressing SFC challenges},
  author={Mechtri, Marouen and Ghribi, Chaima and Soualah, Oussama and Zeghlache, Djamal},
  journal={IEEE Communications Magazine},
  volume={55},
  number={6},
  pages={16--23},
  year={2017},
  publisher={IEEE}
}

@inproceedings{kouchaksaraei2019service,
  title={Service Function Chaining Across OpenStack and Kubernetes Domains},
  author={Kouchaksaraei, Hadi Razzaghi and Karl, Holger},
  booktitle={Proceedings of the 13th ACM International Conference on Distributed and Event-based Systems},
  pages={240--243},
  year={2019}
}

@article{hantouti2020service,
  title={Service Function Chaining in 5G and Beyond Networks: Challenges and Open Research Issues},
  author={Hantouti, Hajar and Benamar, Nabil and Taleb, Tarik},
  journal={IEEE Network},
  year={2020},
  publisher={IEEE}
}

@article{nguyen2019openflow,
  title={An Openflow-based Scheme for Service Chaining's High Availability in Cloud Network},
  author={Nguyen, Hiep Binh and Dinh, N-T and Oh, Jaewook and Kim, Younghan},
  journal={International Conference on ICT Convergence},
  year={2019},
  publisher={Institute of Electrical and Electronics Engineers Inc.}
}

@inproceedings{dab2020efficient,
  title={An Efficient Traffic Steering for Cloud-Native Service Function Chaining},
  author={Dab, Boutheina and Fajjari, Ilhem and Rohon, Mathieu and Auboin, Cyril and Diqu{\'e}lou, Arnaud},
  booktitle={2020 23rd Conference on Innovation in Clouds, Internet and Networks and Workshops (ICIN)},
  pages={71--78},
  year={2020},
  organization={IEEE}
}

@inproceedings{kang2020demonstration,
  title={Demonstration of Network Service Header Based Service Function Chain Application with Function Allocation Model},
  author={Kang, Rui and He, Fujun and Sato, Takehiro and Oki, Eiji},
  booktitle={NOMS 2020-2020 IEEE/IFIP Network Operations and Management Symposium},
  pages={1--2},
  year={2020},
  organization={IEEE}
}

@inproceedings{kang2019virtual,
  title={Virtual network function allocation to maximize continuous available time of service function chains},
  author={Kang, Rui and He, Fujun and Sato, Takehiro and Oki, Eiji},
  booktitle={2019 IEEE 8th International Conference on Cloud Networking (CloudNet)},
  pages={1--6},
  year={2019},
  organization={IEEE}
}

@article{mafioletti2020piaffe,
  title={PIaFFE: A Place-as-you-go In-network Framework for Flexible Embedding of VNFs},
  author={Mafioletti, Diego Rossi and Dominicini, Christina Klippel and Martinello, Magnos and Ribeiro, RN Moises and Villaca, Rodolfo da Silva},
  journal={IEEE International Conference on Communications},
  year={2020}
}
@article{kohler2000click,
  title={The Click modular router},
  author={Kohler, Eddie and Morris, Robert and Chen, Benjie and Jannotti, John and Kaashoek, M Frans},
  journal={ACM Transactions on Computer Systems (TOCS)},
  volume={18},
  number={3},
  pages={263--297},
  year={2000},
  publisher={ACM New York, NY, USA}
}

@incollection{quinn2018network,
  title={Network service header (NSH)},
  author={Quinn, Paul and Elzur, Uri and Pignataro, Carlos},
  booktitle={RFC 8300},
  pages={0--40},
  year={2018},
  publisher={RFC Editor}
}

@inproceedings{cziva2018dynamic,
  title={Dynamic, latency-optimal VNF placement at the network edge},
  author={Cziva, Richard and Anagnostopoulos, Christos and Pezaros, Dimitrios P},
  booktitle={Ieee infocom 2018-ieee conference on computer communications},
  pages={693--701},
  year={2018},
  organization={IEEE}
}
@inproceedings{wang2018improving,
  title={Improving Quality of Experience of Service-Chain Deployment for Multiple Users},
  author={Wang, I-Chih and Wen, Charles H-P and Chao, H Jonathan},
  booktitle={2018 IEEE/ACM 26th International Symposium on Quality of Service (IWQoS)},
  pages={1--6},
  year={2018},
  organization={IEEE}
}

@inproceedings{herbaut2016deploying,
  title={Deploying a content delivery service function chain on an SDN-NFV operator infrastructure},
  author={Herbaut, Nicolas and Negru, Daniel and Magoni, Damien and Frangoudis, Pantelis A},
  booktitle={2016 International Conference on Telecommunications and Multimedia (TEMU)},
  pages={1--7},
  year={2016},
  organization={IEEE}
}

@inproceedings{sun2016sla,
  title={Sla-nfv: an sla-aware high performance framework for network function virtualization},
  author={Sun, Chen and Bi, Jun and Zheng, Zhilong and Hu, Hongxin},
  booktitle={Proceedings of the 2016 ACM SIGCOMM Conference},
  pages={581--582},
  year={2016}
}

@inproceedings{kouchaksaraei2018pishahang,
  title={Pishahang: Joint orchestration of network function chains and distributed cloud applications},
  author={Kouchaksaraei, Hadi Razzaghi and Dierich, Tobias and Karl, Holger},
  booktitle={2018 4th IEEE Conference on Network Softwarization and Workshops (NetSoft)},
  pages={344--346},
  year={2018},
  organization={IEEE}
}

@inproceedings{qing2017virtual,
  title={Virtual network protection strategy to ensure the reliability of SFC in NFV},
  author={Qing, Han and Weifei, Zang and Julong, Lan},
  booktitle={Proceedings of the 6th International Conference on Information Engineering},
  pages={1--5},
  year={2017}
}

@inproceedings{katsikas2018metron,
  title={Metron:$\{$NFV$\}$ Service Chains at the True Speed of the Underlying Hardware},
  author={Katsikas, Georgios P and Barbette, Tom and Kostic, Dejan and Steinert, Rebecca and Maguire Jr, Gerald Q},
  booktitle={15th $\{$USENIX$\}$ Symposium on Networked Systems Design and Implementation ($\{$NSDI$\}$ 18)},
  pages={171--186},
  year={2018}
}

@article{yang2020recent,
  title={Recent Advances of Resource Allocation in Network Function Virtualization},
  author={Yang, Song and Li, Fan and Trajanovski, Stojan and Yahyapour, Ramin and Fu, Xiaoming},
  journal={IEEE Transactions on Parallel and Distributed Systems},
  volume={32},
  number={2},
  pages={295--314},
  year={2020},
  publisher={IEEE}
}

@inproceedings{basta2014applying,
  title={Applying NFV and SDN to LTE mobile core gateways, the functions placement problem},
  author={Basta, Arsany and Kellerer, Wolfgang and Hoffmann, Marco and Morper, Hans Jochen and Hoffmann, Klaus},
  booktitle={Proceedings of the 4th workshop on All things cellular: operations, applications, \& challenges},
  pages={33--38},
  year={2014}
}

@article{chowdhury2019re,
  title={Re-architecting NFV ecosystem with microservices: State of the art and research challenges},
  author={Chowdhury, Shihabur Rahman and Salahuddin, Mohammad A and Limam, Noura and Boutaba, Raouf},
  journal={IEEE Network},
  volume={33},
  number={3},
  pages={168--176},
  year={2019},
  publisher={IEEE}
}

@article{sherry2012survey,
  title={A survey of enterprise middlebox deployments},
  author={Sherry, Justine and Ratnasamy, Sylvia and At, Justine Sherry},
  year={2012},
  publisher={Citeseer}
}
@article{brown2015service,
  title={Service chaining in carrier networks},
  author={Brown, Gabriel and Reading, H},
  journal={Heavy Reading},
  year={2015}
}

@article{mirjalily2018optimal,
  title={Optimal network function virtualization and service function chaining: A survey},
  author={Mirjalily, Ghasem and Zhiquan, Luo},
  journal={Chinese Journal of Electronics},
  volume={27},
  number={4},
  pages={704--717},
  year={2018},
  publisher={IET}
}

@article{kaur2020comprehensive,
  title={A comprehensive survey of service function chain provisioning approaches in SDN and NFV architecture},
  author={Kaur, Karamjeet and Mangat, Veenu and Kumar, Krishan},
  journal={Computer Science Review},
  volume={38},
  pages={100298},
  year={2020},
  publisher={Elsevier}
}

@article{shojafar2019recent,
  title={Recent advances in cloud data centers toward fog data centers},
  author={Shojafar, Mohammad and Pooranian, Zahra and Sookhak, Mehdi and Buyya, Rajkumar},
  journal={Concurrency and Computation: Practice and Experience},
  volume={31},
  number={8},
  pages={e5164},
  year={2019},
  publisher={Wiley Online Library}
}


@article{veeraraghavan2017network,
  title={Network function virtualization: A survey},
  author={Veeraraghavan, Malathi and Sato, Takehiro and Buchanan, Molly and Rahimi, Reza and Okamoto, Satoru and Yamanaka, Naoaki},
  journal={IEICE Transactions on Communications},
  pages={2016NNI0001},
  year={2017},
  publisher={The Institute of Electronics, Information and Communication Engineers}
}

@inproceedings{ghaznavi2020fault,
  title={Fault tolerant service function chaining},
  author={Ghaznavi, Milad and Jalalpour, Elaheh and Wong, Bernard and Boutaba, Raouf and Mashtizadeh, Ali Jos{\'e}},
  booktitle={Proceedings of the Annual conference of the ACM Special Interest Group on Data Communication on the applications, technologies, architectures, and protocols for computer communication},
  pages={198--210},
  year={2020}
}

@inproceedings{hmaity2016virtual,
  title={Virtual network function placement for resilient service chain provisioning},
  author={Hmaity, Ali and Savi, Marco and Musumeci, Francesco and Tornatore, Massimo and Pattavina, Achille},
  booktitle={2016 8th International Workshop on Resilient Networks Design and Modeling (RNDM)},
  pages={245--252},
  year={2016},
  organization={IEEE}
}

@inproceedings{zhang2016opennetvm,
  title={OpenNetVM: A platform for high performance network service chains},
  author={Zhang, Wei and Liu, Guyue and Zhang, Wenhui and Shah, Neel and Lopreiato, Phillip and Todeschi, Gregoire and Ramakrishnan, KK and Wood, Timothy},
  booktitle={Proceedings of the 2016 workshop on Hot topics in Middleboxes and Network Function Virtualization},
  pages={26--31},
  year={2016}
}

@article{kulkarni2020reinforce,
  title={REINFORCE: Achieving Efficient Failure Resiliency for Network Function Virtualization-Based Services},
  author={Kulkarni, Sameer G and Liu, Guyue and Ramakrishnan, KK and Arumaithurai, Mayutan and Wood, Timothy and Fu, Xiaoming},
  journal={IEEE/ACM Transactions on Networking},
  volume={28},
  number={2},
  pages={695--708},
  year={2020},
  publisher={IEEE}
}

@inproceedings{palkar2015e2,
  title={E2: a framework for NFV applications},
  author={Palkar, Shoumik and Lan, Chang and Han, Sangjin and Jang, Keon and Panda, Aurojit and Ratnasamy, Sylvia and Rizzo, Luigi and Shenker, Scott},
  booktitle={Proceedings of the 25th Symposium on Operating Systems Principles},
  pages={121--136},
  year={2015}
}

@inproceedings{reddy2016robust,
  title={Robust embedding of VNF/service chains with delay bounds},
  author={Reddy, Varun S and Baumgartner, Andreas and Bauschert, Thomas},
  booktitle={2016 IEEE Conference on Network Function Virtualization and Software Defined Networks (NFV-SDN)},
  pages={93--99},
  year={2016},
  organization={IEEE}
}

@article{cao2018heuristic,
  title={Heuristic solutions of virtual network embedding: A survey},
  author={Cao, Haotong and Hu, Han and Qu, Zhicheng and Yang, Longxiang},
  journal={China Communications},
  volume={15},
  number={3},
  pages={186--219},
  year={2018},
  publisher={IEEE}
}

@article{fischer2013virtual,
  title={Virtual network embedding: A survey},
  author={Fischer, Andreas and Botero, Juan Felipe and Beck, Michael Till and De Meer, Hermann and Hesselbach, Xavier},
  journal={IEEE Communications Surveys \& Tutorials},
  volume={15},
  number={4},
  pages={1888--1906},
  year={2013},
  publisher={IEEE}
}

@inproceedings{riera2016tenor,
  title={TeNOR: Steps towards an orchestration platform for multi-PoP NFV deployment},
  author={Riera, Jordi Ferrer and Batall{\'e}, Josep and Bonnet, Jos{\'e} and D{\'\i}as, Miguel and McGrath, Michael and Petralia, Giuseppe and Liberati, Francesco and Giuseppi, Alessandro and Pietrabissa, Antonio and Ceselli, Alberto and others},
  booktitle={2016 IEEE NetSoft Conference and Workshops (NetSoft)},
  pages={243--250},
  year={2016},
  organization={IEEE}
}

@article{fei2020paving,
  title={Paving the Way for NFV Acceleration: A Taxonomy, Survey and Future Directions},
  author={Fei, Xincai and Liu, Fangming and Zhang, Qixia and Jin, Hai and Hu, Hongxin},
  journal={ACM Computing Surveys (CSUR)},
  volume={53},
  number={4},
  pages={1--42},
  year={2020},
  publisher={ACM New York, NY, USA}
}

@inproceedings{meng2018coco,
  title={CoCo: Compact and optimized consolidation of modularized service function chains in NFV},
  author={Meng, Zili and Bi, Jun and Wang, Haiping and Sun, Chen and Hu, Hongxin},
  booktitle={2018 IEEE International Conference on Communications (ICC)},
  pages={1--7},
  year={2018},
  organization={IEEE}
}

@article{katsikas2016snf,
  title={SNF: Synthesizing high performance NFV service chains},
  author={Katsikas, Georgios P and Enguehard, Marcel and Ku{\'z}niar, Maciej and Maguire Jr, Gerald Q and Kosti{\'c}, Dejan},
  journal={PeerJ Computer Science},
  volume={2},
  pages={e98},
  year={2016},
  publisher={PeerJ Inc.}
}

@article{pei2018efficiently,
  title={Efficiently embedding service function chains with dynamic virtual network function placement in geo-distributed cloud system},
  author={Pei, Jianing and Hong, Peilin and Xue, Kaiping and Li, Defang},
  journal={IEEE Transactions on Parallel and Distributed Systems},
  volume={30},
  number={10},
  pages={2179--2192},
  year={2018},
  publisher={IEEE}
}

@inproceedings{herker2015data,
  title={Data-center architecture impacts on virtualized network functions service chain embedding with high availability requirements},
  author={Herker, Sandra and An, Xueli and Kiess, Wolfgang and Beker, Sergio and Kirstaedter, Andreas},
  booktitle={2015 IEEE Globecom Workshops (GC Wkshps)},
  pages={1--7},
  year={2015},
  organization={IEEE}
}

@inproceedings{zheng2018flexible,
  title={A flexible and efficient container-based nfv platform for middlebox networking},
  author={Zheng, Chao and Lu, Qiuwen and Li, Jia and Liu, Qinyun and Fang, Binxing},
  booktitle={Proceedings of the 33rd Annual ACM Symposium on Applied Computing},
  pages={989--995},
  year={2018}
}

@inproceedings{yi2017gpunfv,
  title={Gpunfv: a gpu-accelerated nfv system},
  author={Yi, Xiaodong and Duan, Jingpu and Wu, Chuan},
  booktitle={Proceedings of the First Asia-Pacific Workshop on Networking},
  pages={85--91},
  year={2017}
}

@inproceedings{yasukata2017hypernf,
  title={HyperNF: Building a high performance, high utilization and fair NFV platform},
  author={Yasukata, Kenichi and Huici, Felipe and Maffione, Vincenzo and Lettieri, Giuseppe and Honda, Michio},
  booktitle={Proceedings of the 2017 Symposium on Cloud Computing},
  pages={157--169},
  year={2017}
}

@inproceedings{harchol2018ftvnf,
  title={FTvNF: Fault tolerant virtual network functions},
  author={Harchol, Yotam and Hay, David and Orenstein, Tal},
  booktitle={Proceedings of the 2018 Symposium on Architectures for Networking and Communications Systems},
  pages={141--147},
  year={2018}
}

@inproceedings{naik2017libvnf,
  title={libVNF: A Framework for Building Scalable High Performance Virtual Network Functions},
  author={Naik, Priyanka and Vutukuru, Mythili},
  booktitle={Proceedings of the 8th Asia-Pacific Workshop on Systems},
  pages={1--8},
  year={2017}
}

@article{zhang2020confv,
  title={CoNFV: A Heterogeneous Platform for Scalable Network Function Virtualization},
  author={Zhang, Xuzhi and Shao, Xiaozhe and Provelengios, George and Dumpala, Naveen Kumar and Gao, Lixin and Tessier, Russell},
  journal={ACM Transactions on Reconfigurable Technology and Systems (TRETS)},
  volume={14},
  number={1},
  pages={1--29},
  year={2020},
  publisher={ACM New York, NY, USA}
}

@article{li2018deepnfv,
  title={DeepNFV: A lightweight framework for intelligent edge network functions virtualization},
  author={Li, Liangzhi and Ota, Kaoru and Dong, Mianxiong},
  journal={IEEE Network},
  volume={33},
  number={1},
  pages={136--141},
  year={2018},
  publisher={IEEE}
}

@inproceedings{lombardo2015open,
  title={An open framework to enable NetFATE (Network Functions at the edge)},
  author={Lombardo, Alfio and Manzalini, Antonio and Schembra, Giovanni and Faraci, Giuseppe and Rametta, Corrado and Riccobene, Vincenzo},
  booktitle={Proceedings of the 2015 1st IEEE Conference on Network Softwarization (NetSoft)},
  pages={1--6},
  year={2015},
  organization={IEEE}
}

@article{ballani2015enabling,
  title={Enabling end-host network functions},
  author={Ballani, Hitesh and Costa, Paolo and Gkantsidis, Christos and Grosvenor, Matthew P and Karagiannis, Thomas and Koromilas, Lazaros and O'Shea, Greg},
  journal={ACM SIGCOMM Computer Communication Review},
  volume={45},
  number={4},
  pages={493--507},
  year={2015},
  publisher={ACM New York, NY, USA}
}

@article{meng2019micronf,
  title={MicroNF: An efficient framework for enabling modularized service chains in NFV},
  author={Meng, Zili and Bi, Jun and Wang, Haiping and Sun, Chen and Hu, Hongxin},
  journal={IEEE Journal on Selected Areas in Communications},
  volume={37},
  number={8},
  pages={1851--1865},
  year={2019},
  publisher={IEEE}
}

@article{carella2015open,
  title={Open baton: a framework for virtual network function management and orchestration for emerging software-based 5g networks},
  author={Carella, Giuseppe Antonio and Magedanz, Thomas},
  journal={Newsletter},
  volume={2016},
  year={2015}
}

@inproceedings{binu2011virtualization,
  title={Virtualization techniques: a methodical review of XEN and KVM},
  author={Binu, A and Kumar, G Santhosh},
  booktitle={International Conference on Advances in Computing and Communications},
  pages={399--410},
  year={2011},
  organization={Springer}
}

@misc{wray2012network,
  title={Network virtualization},
  author={Wray, Michael John and Dalton, Christopher Ian},
  year={2012},
  month=jul # "~17",
  publisher={Google Patents},
  note={US Patent 8,223,770}
}

@article{bosshart2014p4,
    title={P4: Programming protocol-independent packet processors},
    author = {Bosshart, Pat and Daly, Dan and Gibb, Glen and Izzard, Martin and McKeown, Nick and Rexford, Jennifer and Schlesinger, Cole and Talayco, Dan and Vahdat, Amin and Varghese, George and Walker, David},  journal={ACM SIGCOMM Computer Communication Review},
    volume={44},
    number={3},
    pages={87--95},
    year={2014},
    publisher={ACM New York, NY, USA}
}

@inproceedings{jackson2016softflow,
    title = {{SoftFlow}: A Middlebox Architecture for {Open vSwitch}},
  author={Jackson, Ethan J and Walls, Melvin and Panda, Aurojit and Pettit, Justin and Pfaff, Ben and Rajahalme, Jarno and Koponen, Teemu and Shenker, Scott},
  booktitle={{USENIX} Annual Technical Conference (ATC 16)},
  pages={15--28},
  year={2016}
}

@article{simpson2020seidhr,
  title={Sei{\dh}r: Dataplane Assisted Flow Classification Using ML},
  author={Simpson, Kyle A and Cziva, Richard and Pezaros, Dimitrios P},
  year={2020}
}



@article{kurek2019unikernel,
  title={Unikernel Network Functions: A Journey Beyond the Containers},
  author={Kurek, Tytus},
  journal={IEEE Communications Magazine},
  volume={57},
  number={12},
  pages={15--19},
  year={2019},
  publisher={IEEE}
}



@inproceedings{laghrissi2017towards,
  title={Towards edge slicing: {VNF} placement algorithms for a dynamic \& realistic edge cloud environment},
  author={Laghrissi, Abdelquoddouss and Taleb, Tarik and Bagaa, Miloud and Flinck, Hannu},
  booktitle={IEEE Global Communications Conference (GLOBECOM)},
  pages={1--6},
  year={2017},
  organization={IEEE}
}

@article{quinn2014service,
  title={Service Function Chaining (SFC) Architecture},
  author={Quinn, Paul and Beliveau, A},
  journal={draft-quinn-sfc-arch-04 (work in progress)},
  year={2014}
}

@misc{li88service,
  title={Service Function Chaining Use Cases},
  author={Li, Hongyu},
  publisher={IETF}
}

@inproceedings{chai2019parallel,
  title={A Parallel Placement Approach for Service Function Chain Using Deep Reinforcement Learning},
  author={Chai, Hua and Zhang, Jiao and Wang, Zenan and Shi, Jiaming and Huang, Tao},
  booktitle={2019 IEEE 5th International Conference on Computer and Communications (ICCC)},
  pages={2123--2128},
  year={2019},
  organization={IEEE}
}

@inproceedings{katsalis2016multi,
  title={Multi-domain orchestration for NFV: Challenges and research directions},
  author={Katsalis, Kostas and Nikaein, Navid and Edmonds, Andy},
  booktitle={2016 15th International Conference on Ubiquitous Computing and Communications and 2016 International Symposium on Cyberspace and Security (IUCC-CSS)},
  pages={189--195},
  year={2016},
  organization={IEEE}
}

@article{sciancalepore2018z,
  title={z-TORCH: An automated NFV orchestration and monitoring solution},
  author={Sciancalepore, Vincenzo and Yousaf, Faqir Zarrar and Costa-Perez, Xavier},
  journal={IEEE Transactions on Network and Service Management},
  volume={15},
  number={4},
  pages={1292--1306},
  year={2018},
  publisher={IEEE}
}

@inproceedings{van2019building, 
title={Building hybrid virtual network functions with eXpress data path},  author={Van Tu, Nguyen and Yoo, Jae-Hyoung and Hong, James Won-Ki},  booktitle={2019 15th International Conference on Network and Service Management (CNSM)},  pages={1--9},  year={2019},  organization={IEEE}} 

@inproceedings{van2017architecture,
title={Architecture for building hybrid kernel-user space virtual network functions},  author={Van Tu, Nguyen and Ko, Kyungchan and Hong, James Won-Ki},  booktitle={2017 13th International Conference on Network and Service Management (CNSM)},  pages={1--6},  year={2017},  organization={IEEE}

} 

@inproceedings{marcuzzo2020enabling, 
title={Enabling Partial Offload of Virtualized Network Functions into the Programmable Data Plane},  author={Marcuzzo, Leonardo da C and dos Santos, Carlos RP},  booktitle={2020 IEEE Latin-American Conference on Communications (LATINCOM)},  pages={1--6},  year={2020},  organization={IEEE}
} 

@article{sun2017hyper, 
title={HYPER: A hybrid high-performance framework for network function virtualization},  author={Sun, Chen and Bi, Jun and Zheng, Zhilong and Hu, Hongxin},  journal={IEEE Journal on Selected Areas in Communications},  volume={35},  number={11},  pages={2490--2500},  year={2017},  publisher={IEEE}
}

@inproceedings{haleplidis2014forces,
  title={ForCES applicability to SDN-enhanced NFV},
  author={Haleplidis, Evangelos and Joachimpillai, Damascene and Salim, Jamal Hadi and Lopez, Diego and Martin, Jason and Pentikousis, Kostas and Denazis, Spyros and Koufopavlou, Odysseas},
  booktitle={2014 Third European Workshop on Software Defined Networks},
  pages={43--48},
  year={2014},
  organization={IEEE}
}

@article{cascone2017p4,
  title={P4 support in ONOS},
  author={Cascone, Carmelo},
  journal={Proc. ONOS Build},
  pages={1--29},
  year={2017}
}

@inproceedings{sherry2015rollback,
  title={Rollback-recovery for middleboxes},
  author={Sherry, Justine and Gao, Peter Xiang and Basu, Soumya and Panda, Aurojit and Krishnamurthy, Arvind and Maciocco, Christian and Manesh, Maziar and Martins, Jo{\~a}o and Ratnasamy, Sylvia and Rizzo, Luigi and others},
  booktitle={Proceedings of the 2015 ACM Conference on Special Interest Group on Data Communication},
  pages={227--240},
  year={2015}
}

@article{herrera2016resource,
  title={Resource allocation in NFV: A comprehensive survey},
  author={Herrera, Juliver Gil and Botero, Juan Felipe},
  journal={IEEE Transactions on Network and Service Management},
  volume={13},
  number={3},
  pages={518--532},
  year={2016},
  publisher={IEEE}
}

@inproceedings{medved2014opendaylight,
  title={Opendaylight: Towards a model-driven sdn controller architecture},
  author={Medved, Jan and Varga, Robert and Tkacik, Anton and Gray, Ken},
  booktitle={Proceeding of IEEE International Symposium on a World of Wireless, Mobile and Multimedia Networks 2014},
  pages={1--6},
  year={2014},
  organization={IEEE}
}

@inproceedings{kaur2014network,
  title={Network programmability using POX controller},
  author={Kaur, Sukhveer and Singh, Japinder and Ghumman, Navtej Singh},
  booktitle={Proc. Int. Conf. Commun., Comput. Syst.(ICCCS)},
  volume={138},
  pages={134--138},
  year={2014}
}

@inproceedings{berde2014onos,
  title={ONOS: towards an open, distributed SDN OS},
  author={Berde, Pankaj and Gerola, Matteo and Hart, Jonathan and Higuchi, Yuta and Kobayashi, Masayoshi and Koide, Toshio and Lantz, Bob and O'Connor, Brian and Radoslavov, Pavlin and Snow, William and others},
  booktitle={Proceedings of the third workshop on Hot topics in software defined networking},
  pages={1--6},
  year={2014}
}

@inproceedings{eisenbud2016maglev,
  title={Maglev: A fast and reliable software network load balancer},
  author={Eisenbud, Daniel E and Yi, Cheng and Contavalli, Carlo and Smith, Cody and Kononov, Roman and Mann-Hielscher, Eric and Cilingiroglu, Ardas and Cheyney, Bin and Shang, Wentao and Hosein, Jinnah Dylan},
  booktitle={13th $\{$USENIX$\}$ Symposium on Networked Systems Design and Implementation ($\{$NSDI$\}$ 16)},
  pages={523--535},
  year={2016}
}

@inproceedings{cunha2016policy,
  title={Policy-driven vCPE through dynamic network service function chaining},
  author={Cunha, Vitor A and Cardoso, Igor D and Barraca, Jo{\~a}o P and Aguiar, Rui L},
  booktitle={2016 IEEE NetSoft Conference and Workshops (NetSoft)},
  pages={156--160},
  year={2016},
  organization={IEEE}
}

%%%%%%%%%%%%%%%% Added after reviewer's comments
@article{zhang2020nfv,
  title={NFV platforms: Taxonomy, design choices and future challenges},
  author={Zhang, Tianzhu and Qiu, Han and Linguaglossa, Leonardo and Cerroni, Walter and Giaccone, Paolo},
  journal={IEEE Transactions on Network and Service Management},
  volume={18},
  number={1},
  pages={30--48},
  year={2020},
  publisher={IEEE}
}

@article{bhamare2018exploring,
  title={Exploring microservices for enhancing internet QoS},
  author={Bhamare, Deval and Samaka, Mohammed and Erbad, Aiman and Jain, Raj and Gupta, Lav},
  journal={Transactions on Emerging Telecommunications Technologies},
  volume={29},
  number={11},
  pages={e3445},
  year={2018},
  publisher={Wiley Online Library}
}

@article{cherrared2019survey,
  title={A survey of fault management in network virtualization environments: Challenges and solutions},
  author={Cherrared, Sihem and Imadali, Sofiane and Fabre, Eric and G{\"o}ssler, Gregor and Yahia, Imen Grida Ben},
  journal={IEEE Transactions on Network and Service Management},
  volume={16},
  number={4},
  pages={1537--1551},
  year={2019},
  publisher={IEEE}
}

@article{ozdem2021subscriber,
  title={Subscriber aware dynamic service function chaining},
  author={{\"O}zdem, Mehmet and Alkan, Mustafa},
  journal={Computer Networks},
  volume={194},
  pages={108138},
  year={2021},
  publisher={Elsevier}
}

@article{paganelli2021tenant,
  title={Tenant-defined service function chaining in a multi-site network slice},
  author={Paganelli, Federica and Cappanera, Paola and Cuffaro, Giovanni},
  journal={Future Generation Computer Systems},
  volume={121},
  pages={1--18},
  year={2021},
  publisher={Elsevier}
}

@inproceedings{santos2020towards,
  title={Towards delay-aware container-based service function chaining in fog computing},
  author={Santos, Jos{\'e} and Wauters, Tim and Volckaert, Bruno and De Turck, Filip},
  booktitle={NOMS 2020-2020 IEEE/IFIP Network Operations and Management Symposium},
  pages={1--9},
  year={2020},
  organization={IEEE}
}

@article{katsikas2021metron,
  title={Metron: High-performance NFV Service Chaining Even in the Presence of Blackboxes},
  author={Katsikas, Georgios P and Barbette, Tom and Kosti{\'c}, Dejan and Maguire, JR Gerald Q and Steinert, Rebecca},
  journal={ACM Transactions on Computer Systems (TOCS)},
  volume={38},
  number={1-2},
  pages={1--45},
  year={2021},
  publisher={ACM New York, NY, USA}
}

@article{huang2021scalable,
  title={Scalable Service Function Chain Orchestration in NFV-enabled Networks: A Federated Reinforcement Learning Approach},
  author={Huang, Haojun and Zeng, Cheng and Zhao, Yangmin and Min, Geyong and Zhu, Ying Ying and Miao, Wang and Hu, Jia},
  journal={IEEE Journal on Selected Areas in Communications},
  year={2021},
  publisher={IEEE}
}

@article{zhang2021performance,
  title={Performance benchmarking of state-of-the-art software switches for NFV},
  author={Zhang, Tianzhu and Linguaglossa, Leonardo and Giaccone, Paolo and Iannone, Luigi and Roberts, James},
  journal={Computer Networks},
  volume={188},
  pages={107861},
  year={2021},
  publisher={Elsevier}
}

@article{sarmiento2021decentralized,
  title={Decentralized SDN Control Plane for a Distributed Cloud-Edge Infrastructure: A Survey},
  author={Sarmiento, David Espinel and Lebre, Adrien and Nussbaum, Lucas and Chari, Abdelhadi},
  journal={IEEE Communications Surveys \& Tutorials},
  year={2021},
  publisher={IEEE}
}

@article{wang2021ddqp,
  title={DDQP: A double deep Q-learning approach to online fault-tolerant SFC placement},
  author={Wang, Lei and Mao, Weixi and Zhao, Jin and Xu, Yuedong},
  journal={IEEE Transactions on Network and Service Management},
  volume={18},
  number={1},
  pages={118--132},
  year={2021},
  publisher={IEEE}
}

@article{liu2021disaster,
  title={Disaster protection in Inter-DataCenter networks leveraging cooperative storage},
  author={Liu, Yuanhao and Zhou, Fen and Chen, Cao and Zhu, Zuqing and Shang, Tao and Torres-Moreno, Juan-Manuel},
  journal={IEEE Transactions on Network and Service Management},
  year={2021},
  publisher={IEEE}
}

@article{wang2021availability,
  title={Availability-and traffic-aware placement of parallelized SFC in data center networks},
  author={Wang, Meng and Cheng, Bo and Wang, Shangguang and Chen, Junliang},
  journal={IEEE Transactions on Network and Service Management},
  volume={18},
  number={1},
  pages={182--194},
  year={2021},
  publisher={IEEE}
}

@article{kaurroad,
  title={A ROAD TO NETWORK FUNCTION VIRTUALIZATION AND APPLICATIONS},
  author={KAUR, K and KUMAR, K and MANGAT, V},
  journal={Advances in Mathematics: Scientific Journal },
  volume={9},
  number={6},
  pages={4059--4066},
  year={2020},
  publisher={ADV Math}
}

@inproceedings{bouridah2021optimized,
  title={Optimized Scalable SFC Traffic Steering Scheme for Cloud Native based Applications},
  author={Bouridah, Adel and Fajjari, Ilhem and Aitsaadi, Nadiib and Belhadef, Hacene},
  booktitle={2021 IEEE 18th Annual Consumer Communications \& Networking Conference (CCNC)},
  pages={1--6},
  year={2021},
  organization={IEEE}
}

@phdthesis{rafiq2021intelligent,
  title={Intelligent Resource Orchest ration for Service Function Chaining and Reactive Traffic Steering in Software Defined Network},
  author={Rafiq, Adeel and others},
  year={2021},
  school={제주대학교 대학원}
}

@article{zhao2021security,
  title={Security-SLA-guaranteed service function chain deployment in cloud-fog computing networks},
  author={Zhao, Dongcheng and Luo, Long and Yu, Hongfang and Chang, Victor and Buyya, Rajkumar and Sun, Gang},
  journal={Cluster Computing},
  pages={1--16},
  year={2021},
  publisher={Springer}
}

@article{li2021multi,
  title={Multi-service function chain embedding with delay-guarantee: A game-theoretical approach},
  author={Li, Junling and Shi, Weisen and Ye, Qiang and Zhang, Ning and Zhuang, Weihua and Shen, Xuemin},
  journal={IEEE Internet of Things Journal},
  year={2021},
  publisher={IEEE}
}

@article{nemeth2021delay,
  title={Delay and reliability-constrained VNF placement on mobile and volatile 5G infrastructure},
  author={N{\'e}meth, Bal{\'a}zs and Molner, Nuria and Martinperez, Jorge and Bernardos, Carlos J and De la Oliva, Antonio and Sonkoly, Bal{\'a}zs},
  journal={IEEE Transactions on Mobile Computing},
  year={2021},
  publisher={IEEE}
}

@inproceedings{cai2021disaster,
  title={Disaster-Resilient Service Function Chain Embedding Based on Multi-Path Routing},
  author={Cai, Sixu and Zhou, Fen and Zhang, Zonghua and Meddahi, Ahmed},
  booktitle={IEEE INFOCOM 2021-IEEE Conference on Computer Communications Workshops (INFOCOM WKSHPS)},
  pages={1--7},
  year={2021},
  organization={IEEE}
}

@article{han2010packetshader,
  title={PacketShader: a GPU-accelerated software router},
  author={Han, Sangjin and Jang, Keon and Park, KyoungSoo and Moon, Sue},
  journal={ACM SIGCOMM Computer Communication Review},
  volume={40},
  number={4},
  pages={195--206},
  year={2010},
  publisher={ACM New York, NY, USA}
}

@article{polverini2020scalable,
  title={A Scalable and Offloading-Based Traffic Classification Solution in NFV/SDN Network Architectures},
  author={Polverini, Marco and Gal{\'a}n-Jim{\'e}nez, Jaime and Lavacca, Francesco Giacinto and Cianfrani, Antonio and Eramo, Vincenzo},
  journal={IEEE Transactions on Network and Service Management},
  volume={18},
  number={2},
  pages={1445--1460},
  year={2020},
  publisher={IEEE}
}

%%%%MDPI
@article{yousaf2017nfv,
  title={NFV and SDN—Key technology enablers for 5G networks},
  author={Yousaf, Faqir Zarrar and Bredel, Michael and Schaller, Sibylle and Schneider, Fabian},
  journal={IEEE Journal on Selected Areas in Communications},
  volume={35},
  number={11},
  pages={2468--2478},
  year={2017},
  publisher={IEEE}
}

@article{morocho2019machine,
  title={Machine learning for 5G/B5G mobile and wireless communications: Potential, limitations, and future directions},
  author={Morocho-Cayamcela, Manuel Eugenio and Lee, Haeyoung and Lim, Wansu},
  journal={IEEE Access},
  volume={7},
  pages={137184--137206},
  year={2019},
  publisher={IEEE}
}

@article{abdelwahab2016network,
  title={Network function virtualization in 5G},
  author={Abdelwahab, Sherif and Hamdaoui, Bechir and Guizani, Mohsen and Znati, Taieb},
  journal={IEEE Communications Magazine},
  volume={54},
  number={4},
  pages={84--91},
  year={2016},
  publisher={IEEE}
}

@inproceedings{berardinelli2018beyond,
  title={Beyond 5G wireless IRT for industry 4.0: Design principles and spectrum aspects},
  author={Berardinelli, Gilberto and Mahmood, Nurul H and Rodriguez, Ignacio and Mogensen, Preben},
  booktitle={2018 IEEE Globecom Workshops (GC Wkshps)},
  pages={1--6},
  year={2018},
  organization={IEEE}
}

@inproceedings{katz20186genesis,
  title={6Genesis flagship program: Building the bridges towards 6G-enabled wireless smart society and ecosystem},
  author={Katz, Marcos and Matinmikko-Blue, Marja and Latva-Aho, Matti},
  booktitle={2018 IEEE 10th Latin-American Conference on Communications (LATINCOM)},
  pages={1--9},
  year={2018},
  organization={IEEE}
}


@article{sun2020energy,
  title={Energy-efficient provisioning for service function chains to support delay-sensitive applications in network function virtualization},
  author={Sun, Gang and Zhou, Run and Sun, Jian and Yu, Hongfang and Vasilakos, Athanasios V},
  journal={IEEE Internet of Things Journal},
  volume={7},
  number={7},
  pages={6116--6131},
  year={2020},
  publisher={IEEE}
}

@article{sun2019low,
  title={Low-latency and resource-efficient service function chaining orchestration in network function virtualization},
  author={Sun, Gang and Xu, Zhu and Yu, Hongfang and Chen, Xi and Chang, Victor and Vasilakos, Athanasios V},
  journal={IEEE Internet of Things Journal},
  volume={7},
  number={7},
  pages={5760--5772},
  year={2019},
  publisher={IEEE}
}


@article{huang2020effective,
  title={An effective service-oriented networking management architecture for 5G-enabled internet of things},
  author={Huang, Mingfeng and Liu, Anfeng and Xiong, Neal N and Wang, Tian and Vasilakos, Athanasios V},
  journal={Computer networks},
  volume={173},
  pages={107208},
  year={2020},
  publisher={Elsevier}
}

@article{bera2017software,
  title={Software-defined networking for internet of things: A survey},
  author={Bera, Samaresh and Misra, Sudip and Vasilakos, Athanasios V},
  journal={IEEE Internet of Things Journal},
  volume={4},
  number={6},
  pages={1994--2008},
  year={2017},
  publisher={IEEE}
}

@article{yang2015software,
  title={Software-defined and virtualized future mobile and wireless networks: A survey},
  author={Yang, Mao and Li, Yong and Jin, Depeng and Zeng, Lieguang and Wu, Xin and Vasilakos, Athanasios V},
  journal={Mobile Networks and Applications},
  volume={20},
  number={1},
  pages={4--18},
  year={2015},
  publisher={Springer}
}

@article{hamdan2021comprehensive,
  title={A comprehensive survey of load balancing techniques in software-defined network},
  author={Hamdan, Mosab and Hassan, Entisar and Abdelaziz, Ahmed and Elhigazi, Abdallah and Mohammed, Bushra and Khan, Suleman and Vasilakos, Athanasios V and Marsono, Muhammad Nadzir},
  journal={Journal of Network and Computer Applications},
  volume={174},
  pages={102856},
  year={2021},
  publisher={Elsevier}
}

@phdthesis{kak2021towards,
  title={Towards 6G Through SDN and NFV-Based Solutions for Terrestrial and Non-Terrestrial Networks},
  author={Kak, Ahan},
  year={2021},
  school={Georgia Institute of Technology}
}

@article{qadri2020future,
  title={The future of healthcare internet of things: a survey of emerging technologies},
  author={Qadri, Yazdan Ahmad and Nauman, Ali and Zikria, Yousaf Bin and Vasilakos, Athanasios V and Kim, Sung Won},
  journal={IEEE Communications Surveys \& Tutorials},
  volume={22},
  number={2},
  pages={1121--1167},
  year={2020},
  publisher={IEEE}
}


@article{qadri2020future,
  title={The future of healthcare internet of things: a survey of emerging technologies},
  author={Qadri, Yazdan Ahmad and Nauman, Ali and Zikria, Yousaf Bin and Vasilakos, Athanasios V and Kim, Sung Won},
  journal={IEEE Communications Surveys \& Tutorials},
  volume={22},
  number={2},
  pages={1121--1167},
  year={2020},
  publisher={IEEE}
}

@article{yan2016security,
  title={A security and trust framework for virtualized networks and software-defined networking},
  author={Yan, Zheng and Zhang, Peng and Vasilakos, Athanasios V},
  journal={Security and communication networks},
  volume={9},
  number={16},
  pages={3059--3069},
  year={2016},
  publisher={Wiley Online Library}
}

@article{zoure2022network,
  title={Network Services Anomalies in NFV: Survey, Taxonomy, and Verification Methods},
  author={Zoure, Moubarak and Ahmed, Toufik and R{\'e}veill{\'e}re, Laurent},
  journal={IEEE Transactions on Network and Service Management},
  year={2022},
  publisher={IEEE}
}

